
% fast-slam.bib

@book{Thrun07,
	author = "Sebastian Thrun and Wolfram Burgard and Dieter Fox",
	title = "確率ロボティクス プレミアムブックス版",
	publisher = "株式会社マイナビ出版",
	year = "2016",
	note = "上田 隆一 訳"
}
