
% particle-filter.bib

@book{Thrun07,
	author = "Sebastian Thrun and Wolfram Burgard and Dieter Fox",
	title = "確率ロボティクス プレミアムブックス版",
	publisher = "株式会社マイナビ出版",
	year = "2016",
	note = "上田 隆一 訳"
}

@book{Bishop06,
	author = "C.M.ビショップ",
	title = "パターン認識と機械学習 下",
	publisher = "丸善出版株式会社",
	year = "2012",
	note = "元田 浩, 栗田 多喜夫, 樋口 知之, 松本 裕治, 村田 昇 監訳"
}
