
% refer.bib

%
% Books
%

@book{Thrun05,
    author = "Sebastian Thrun and Wolfram Burgard and Dieter Fox",
    title = "{Probabilistic Robotics}",
    publisher = "MIT Press",
    year = 2005
}

% note = "上田 隆一 訳: 確率ロボティクス プレミアムブックス版, 株式会社マイナビ出版, 2016."

@book{Tomono18,
    author = "友納 正裕",
    title = "{SLAM 入門 --ロボットの自己位置推定と地図構築の技術--}",
    publisher = "オーム社",
    year = 2018
}

@book{Ueda19,
    author = "上田 隆一",
    title = "{詳解 確率ロボティクス Pythonによる基礎アルゴリズムの実装}",
    publisher = "講談社",
    year = 2019
}

@book{Kanamori16,
    author = "金森 敬文 and 鈴木 大慈 and 竹内 一郎 and 佐藤 一誠",
    title = "{機械学習プロフェッショナルシリーズ \ 機械学習のための連続最適化}",
    publisher = "講談社",
    year = 2016
}

% SLAM Foundation
@article{Smith86,
    author = "Randall C. Smith and Peter Cheeseman",
    title = "{On the Representation and Estimation of Spatial Uncertainty}",
    journal = "International Journal of Robotics",
    volume = 5,
    number = 4,
    pages = "56--68",
    month = Dec,
    year = 1986
}

% Extended Kalman Filter (EKF) SLAM
@article{Dissanayake01,
    author = "M.W.M.G. Dissanayake and P. Newman and S. Clark and H.F. Durrant-Whyte and M. Csorba",
    title = "{A Solution to the Simultaneous Localisation and Map Building (SLAM) Problem}",
    journal = "IEEE Transactions on Robotics and Automation",
    volume = 17,
    number = 3,
    pages = "229--241",
    month = Jun,
    year = 2001
}

% Sparse Extended Information Filter (SEIF) SLAM
@article{Thrun04,
    author = "Sebastian Thrun and Yufeng Liu and Daphne Koller and Andrew Y. Ng and Zoubin Ghahramani and Hugh Durrant-Whyte",
    title = "{Simultaneous Localization and Mapping With Sparse Extended Information Filters}",
    journal = "The International Journal of Robotics Research",
    volume = 23,
    number = 7,
    pages = "693--716",
    month = Jul,
    year = 2004
}

%
% FastSLAM, GMapping
%

% Rao-Blackwellized Particle Filter
@InProceedings{Doucet00,
    author = "Arnaud Doucet and Nando de Freitas and Kevin P. Murphy and Stuart J. Russell",
    title = "{Rao-Blackwellised Particle Filtering for Dynamic Bayesian Networks}",
    booktitle = {Proceedings of the Conference on Uncertainty in Artificial Intelligence (UAI)},
    pages = "176--183",
    year = 2000
}

% FastSLAM 1.0
@InProceedings{Montemerlo02,
    author = "Michael Montemerlo and Sebastian Thrun and Daphne Koller and Ben Wegbreit",
    title = "{FastSLAM 1.0: A Factored Solution to the Simultaneous Localization and Mapping Problem}",
    booktitle = {Proceedings of the AAAI National Conference on Artificial Intelligence},
    pages = {},
    year = 2002
}

% FastSLAM 2.0
@InProceedings{Montemerlo03,
    author = "Michael Montemerlo and Sebastian Thrun and Daphne Koller and Ben Wegbreit",
    title = "{FastSLAM 2.0: An Improved Particle Filtering Algorithm for Simultaneous Localization and Mapping that Provably Converges}",
    booktitle = {Proceedings of the International Joint Conference on Artificial Intelligence (IJCAI)},
    pages = "1151--1156",
    month = Jun,
    year = 2003
}

@InProceedings{Grisetti05,
    author = "Giorgio Grisetti and Cyrill Stachniss and Wolfram Burgard",
    title = "{Improving Grid-based SLAM with Rao-Blackwellized Particle Filters By Adaptive Proposals and Selective Resampling}",
    booktitle = {Proceedings of the IEEE International Conference on Robotics and Automation},
    pages = "667--672",
    month = Apr,
    year = 2005
}

@article{Grisetti07A,
    author = "Giorgio Grisetti and Gian Diego Tipaldi and Cyrill Stachniss and Wolfram Burgard and Daniele Nardi",
    title = "{Fast and Accurate SLAM with Rao-Blackwellized Particle Filters}",
    journal = "Robotics and Autonomous Systems",
    volume = 55,
    number = 1,
    pages = "30--38",
    month = Jan,
    year = 2007
}

@article{Grisetti07B,
    author = "Giorgio Grisetti and Cyrill Stachniss and Wolfram Burgard",
    title = "{Improved Techniques for Grid Mapping with Rao-Blackwellized Particle Filters}",
    journal = "IEEE Transactions on Robotics",
    volume = 23,
    number = 1,
    pages = "32--46",
    month = Mar,
    year = 2007
}

% Hector SLAM
@InProceedings{Kohlbrecher11,
    author = "Stefan Kohlbrecher and Oskar von Stryk and Johannes Meyer and Uwe Klingauf",
    title = "{A Flexible and Scalable SLAM System with Full 3D Motion Estimation}",
    booktitle = {Proceedings of the IEEE International Symposium on Safety, Security, and Rescue Robotics (SSRR)},
    pages = "155--160",
    year = 2011
}

% Map reduction techniques
@InProceedings{Schroeter07,
    author = "Christof Schr{\"o}ter and Hans-Joachim B{\"o}hme and Horst-Michael Gross",
    title = "{Memory-Efficient Gridmaps in Rao-Blackwellized Particle Filters for SLAM using Sonar Range Sensors}",
    booktitle = {Proceedings of the European Conference on Mobile Robots (EMCR)},
    pages = {},
    month = Sep,
    year = 2007
}

@article{Jo18,
    author = "HyungGi Jo and Hae Min Cho and Sungjin Jo and Euntai Kim",
    title = "{Efficient Grid-Based Rao-Blackwellized Particle Filter SLAM With Interparticle Map Sharing}",
    journal = "IEEE/ASME Transactions on Mechatronics",
    volume = 23,
    number = 2,
    pages = "714--724",
    month = Apr,
    year = 2018
}

%
% Implementation for embedded systems
% Acceleration of algorithms
%

@InProceedings{Par11,
    author = "Kerem Par and O{\v{g}}uz Tosun",
    title = "{Parallelization of particle filter based localization and map matching algorithms on multicore/manycore architectures}",
    booktitle = {Proceedings of the IEEE Intelligent Vehicles Symposium (IV)},
    pages = "820--826",
    year = 2011,
    month = Jun
}

@InProceedings{Llofriu13,
    author = "Martin Llofriu and Federico Andrade and Facundo Benavides and Alfredo Weitzenfeld and Gonzalo Tejera",
    title = "{An embedded particle filter SLAM implementation using an affordable platform}",
    booktitle = {Proceedings of the International Conference on Advanced Robotics (ICAR)},
    pages = "1--6",
    year = 2013,
    month = Nov
}

@InProceedings{Gouveia14,
    author = "Bruno D. Gouveia and David Portugal and Lino Marques",
    title = "{Speeding Up Rao-Blackwellized Particle Filter SLAM with a Multithreaded Architecture}",
    booktitle = {Proceedings of the IEEE/RSJ International Conference on Intelligent Robots and Systems (IROS)},
    pages = "1583--1588",
    year = 2014
}

@article{Gouveia15,
    author = "David Portugal and Bruno D. Gouveia and Lino Marques",
    title = "{A Distributed and Multithreaded SLAM Architecture for Robotic Clusters and Wireless Sensor Networks}",
    journal = "Studies in Computational Intelligence",
    pages = "121--141",
    year = 2015,
    month = May
}

@article{Abouzahir16,
    author = "Mohamed Abouzahir and Abdelhafid Elouardi and Samir Bouaziz and Rachid Latif and Abdelouahed Tajer",
    title = "{Large-scale monocular FastSLAM2.0 acceleration on an embedded heterogeneous architecture}",
    journal = "EURASIP Journal on Advances in Signal Processing",
    pages = "1--20",
    year = 2016
}

@article{Sileshi16,
    author = "B.G. Sileshi and J. Oliver and R. Toledo and J. Gonçalves and P. Costa",
    title = "{On the behaviour of low cost laser scanners in HW/SW particle filter SLAM applications}",
    journal = "Robotics and Autonomous Systems",
    pages = "11--23",
    year = 2016
}

@InProceedings{QiuchengLi18,
    author = "Qiucheng Li and Thomas Rauschenbach and Andreas Wenzel and Fabian Mueller",
    title = "{EMB-SLAM: An Embedded Efficient Implementation of Rao-Blackwellized Particle Filter Based SLAM}",
    booktitle = {Proceedings of the International Conference on Control, Robotics and Cybernetics (CRC)},
    pages = "88--93",
    month = Sep,
    year = 2018
}

@article{Abouzahir18,
    author = "Mohamed Abouzahir and Abdelhafid Elouardi and Rachid Latif and Samir Bouaziz",
    title = "{Embedding SLAM algorithms: Has it come of age?}",
    journal = "Robotics and Autonomous Systems",
    pages = "14--26",
    year = 2018
}

@InProceedings{Gautier19,
    author = "Quentin Gautier and Alric Althoff and Ryan Kastner",
    title = "{FPGA Architectures for Real-time Dense SLAM}",
    booktitle = {Proceedings of the IEEE International Conference on Application-specific Systems, Architectures and Processors (ASAP)},
    pages = "83--90",
    month = Jul,
    year = 2019
}

%
% Performance evaluation of SLAM algorithms
%

@article{Kuemmerle09,
    author = "Rainer Kuemmerle and Bastian Steder and Christian Dornhege and Michael Ruhnke and Giorgio Grisetti and Cyrill Stachniss and Alexander Kleiner",
    title = "{On measuring the accuracy of SLAM algorithms}",
    journal = "Autonomous Robots",
    volume = 27,
    number = 4,
    pages = "387--407",
    month = Nov,
    year = 2009
}

@InProceedings{Santos13,
    author = "João Machado Santos and David Portugal and Rui P. Rocha",
    title = "{An evaluation of 2D SLAM techniques available in Robot Operating System}",
    booktitle = {Proceedings of the IEEE International Symposium on Safety, Security, and Rescue Robotics (SSRR)},
    pages = "1--6",
    month = Oct,
    year = 2013
}

@InProceedings{Krinkin18,
    author = "Kirill Krinkin and Anton Filatov and Artyom Filatov and Artur Huletski and Dmitriy Kartashov",
    title = "{Evaluation of Modern Laser Based Indoor SLAM Algorithms}",
    booktitle = {Proceedings of the Conference of Open Innovations Association FRUCT},
    pages = "14:101--14:106",
    year = 2018
}

@InProceedings{Yagfarov18,
    author = "Rauf Yagfarov and Mikhail Ivanou and Ilya Afanasyev",
    title = "{Map Comparison of Lidar-based 2D SLAM Algorithms Using Precise Ground Truth}",
    booktitle = {Proceedings of the International Conference on Control, Automation, Robotics and Vision (ICARCV)},
    pages = "1979--1983",
    month = Nov,
    year = 2018
}

%
% Graph-based SLAM
%

@InProceedings{Hess16,
    author = "Wolfgang Hess and Damon Kohler and Holger Rapp and Daniel Andor",
    title = "{Real-Time Loop Closure in 2D LIDAR SLAM}",
    booktitle = {Proceedings of the IEEE International Conference on Robotics and Automation (ICRA)},
    pages = "1271--1278",
    year = 2016
}

@article{Grisetti10,
    author = "Giorgio Grisetti and Rainer Kuemmerle and Cyrill Stachniss and Wolfram Burgard",
    title = "{A Tutorial on Graph-Based SLAM}",
    journal = "IEEE Transactions on Intelligent Transportation Systems Magazine",
    volume = 2,
    number = 4,
    pages = "31--43",
    month = Dec,
    year = 2010
}

@InProceedings{Konolige10,
    author = "Kurt Konolige and Giorgio Grisetti and Rainer K{\"u}mmerle and Wolfram Burgard and Benson Limketkai and Regis Vincent",
    title = "{Efficient Sparse Pose Adjustment for 2D Mapping}",
    booktitle = {Proceedings of the IEEE/RSJ International Conference on Intelligent Robots and Systems (IROS)},
    pages = "22--29",
    year = 2010
}

@InProceedings{Kuemmerle11,
    author = "Rainer K{\"u}mmerle and Giorgio Grisetti and Hauke Strasdat and Kurt Konolige and Wolfram Burgard",
    title = "{G2o: A General Framework for Graph Optimization}",
    booktitle = {Proceedings of the IEEE International Conference on Robotics and Automation (ICRA)},
    pages = "3607--3613",
    year = 2011
}

@misc{ROSGMapping,
    title = "{ROS Wiki: gmapping}",
    howpublished = {\url{http://wiki.ros.org/gmapping}}
}

@misc{ROSSLAMGMapping,
    title = "{ROS Wiki: slam\_gmapping}",
    howpublished = {\url{http://wiki.ros.org/slam_gmapping}}
}

@misc{OpenSLAM,
    author = "Cyrill Stachniss and Udo Frese and Giorgio Grisetti",
    year = 2007,
    title = "{OpenSLAM.org}",
    howpublished = {\url{https://openslam-org.github.io/}}
}

@misc{RadishDataset,
    author = "Andrew Howard and Nicholas Roy",
    year = 2003,
    title = "{The Robotics Data Set Repository (Radish)}",
    howpublished = {\url{http://radish.sourceforge.net/}}
}

@misc{SLAMBenchmarking,
    author = "Alexander Kleiner and Bastian Steder and Christian Dornhege and Cyrill Stachniss and Giorgio Grisetti and Michael Ruhnke and Rainer K{\"u}mmerle and Wolfram Burgard",
    year = 2009,
    title = "{SLAM Benchmarking Home}",
    howpublished = {\url{http://ais.informatik.uni-freiburg.de/slamevaluation/}}
}

% SLAMBench
@InProceedings{Nardi15,
    author = "Luigi Nardi and Bruno Bodin and M. Zeeshan Zia and John Mawer and Andy Nisbet and Paul H. J. Kelly and Andrew J. Davison and Mikel Luj{\'a}n and Michael F. P. O'Boyle and Graham Riley and Nigel Topham and Steve Furber",
    title = "{Introducing SLAMBench, a performance and accuracy benchmarking methodology for SLAM}",
    booktitle = {Proceedings of the IEEE International Conference on Robotics and Automation (ICRA)},
    pages = "5783--5790",
    month = May,
    year = 2015
}

% EKF-SLAM
@article{Smith87,
    author = "Randall C. Smith and Peter Cheeseman",
    title = "{On the Representation and Estimation of Spatial Uncertainty}",
    journal = "The International Journal of Robotics Research",
    volume = 5,
    number = 4,
    pages = "56--68",
    month = Feb,
    year = 1987
}

%
% Visual SLAM
%

% ORB-SLAM
@article{MurArtal15,
    author = "Ra{\'u}l Mur-Artal and J. M. M. Montiel and Juan D. Tard{\'o}s",
    title = "{ORB-SLAM: A Versatile and Accurate Monocular SLAM System}",
    journal = "IEEE Transactions on Robotics",
    volume = 31,
    number = 5,
    pages = "1147--1163",
    month = Oct,
    year = 2015
}

% LSD-SLAM
@InProceedings{Engel14,
    author = "Jakob Engel and Thomas Sch{\"o}ps and Daniel Cremers",
    title = "{LSD-SLAM: Large-Scale Direct Monocular SLAM}",
    booktitle = {Proceedings of the European Conference on Computer Vision (ECCV)},
    pages = "834--849",
    year = 2014
}

%
% FPGA, HLS
%
@misc{VivadoHLS,
    title = "{Vivado Design Suite User Guide: High-Level Synthesis}",
    howpublished = {\url{https://www.xilinx.com/support/documentation/sw_manuals/xilinx2019_2/ug902-vivado-high-level-synthesis.pdf}}
}

%
% Scan Matching
%

% Hill-Climbing based scan matching (Used in CARMEN toolkit)
@InProceedings{Montemerlo03B,
    author = "Michael Montemerlo and Nicholas Roy and Sebastian Thrun",
    title = "{Perspectives on Standardization in Mobile Robot Programming : The Carnegie Mellon Navigation (CARMEN) Toolkit}",
    booktitle = {Proceedings of the IEEE/RSJ International Conference on Intelligent Robots and Systems (IROS)},
    pages = "2436--2441",
    year = 2003
}

% Iterative Closest Point (ICP)
@article{Besl92,
    author = "Paul J. Besl and Neil D. McKay",
    title = "{A Method for Registration of 3-D Shapes}",
    journal = "IEEE Transactions on Pattern Analysis and Machine Intelligence",
    volume = 14,
    number = 2,
    pages = "239--256",
    month = Feb,
    year = 1992
}

% Normal Distributions Transform (NDT)
@InProceedings{Biber03,
    author = "Peter Biber and Wolfgang Stra{\ss}er",
    title = "{The Normal Distributions Transform: A New Approach to Laser Scan Matching}",
    booktitle = {Proceedings of the IEEE/RSJ International Conference on Intelligent Robots and Systems (IROS)},
    pages = "2743--2748",
    year = 2003
}

% Real-Time Correlative Scan Matching
@InProceedings{Olson09,
    author = "Edwin B. Olson",
    title = "{Real-Time Correlative Scan Matching}",
    booktitle = {Proceedings of the IEEE International Conference on Robotics and Automation (ICRA)},
    pages = "4387--4393",
    year = 2009
}

% M3RSM: Many-to-Many Multi-Resolution Scan Matching
@InProceedings{Olson15,
    author = "Edwin Olson",
    title = "{M3RSM: Many-to-Many Multi-Resolution Scan Matching}",
    booktitle = {Proceedings of the IEEE International Conference on Robotics and Automation (ICRA)},
    pages = "5815--5821",
    year = 2015
}

% SLAM Map Representation
@article{Wurm10,
    author = "Kai M. Wurm and Cyrill Stachniss and Giorgio Grisetti",
    title = "{Bridging the gap between feature- and grid-based SLAM}",
    booktitle = {Robotics and Autonomous Systems},
    volume = 58,
    number = 2,
    pages = "140--148",
    month = Feb,
    year = 2010
}

% Pynq-Z2
@misc{TULPynqZ2,
    title = "{TUL}",
    howpublished = {\url{https://www.tul.com.tw/ProductsPYNQ-Z2.html}}
}

