
% slam-formulation.bib

@book{Thrun07,
	author = "Sebastian Thrun and Wolfram Burgard and Dieter Fox",
	title = "確率ロボティクス プレミアムブックス版",
	publisher = "株式会社マイナビ出版",
	year = "2016",
	note = "上田 隆一 訳"
}

@article{Hara16,
	author = "原 祥尭 and 坪内 孝司 and 大島 章",
	title = "確率的に蓄積したスキャン形状により過去を考慮した{Rao-Blackwellized Particle Filter SLAM}",
	journal = "日本機械学会論文集",
	volume = 82,
	number = 834,
	pages = "15-00421",
	month = Feb,
	year = 2016
}

@article{Tomono16,
	author = "友納 正裕",
	title = "移動ロボットの環境認識 —地図構築と自己位置推定",
	journal = "システム制御情報学会誌",
	volume = 60,
	number = 12,
	pages = "509-514",
	year = 2016
}

@book{Tomono18,
	author = "友納 正裕",
	title = "SLAM入門 —ロボットの自己位置推定と地図構築の技術—",
	publisher = "オーム社",
	year = "2018"
}
